<record><leader>00000cas a2200000 a 4500</leader><controlfield tag="001">35362562</controlfield><controlfield tag="008">960904d19011951miuwr ne      0    0eng c</controlfield><datafield ind1=" " ind2=" " tag="010"><subfield code="a">sn 96077034 </subfield></datafield><datafield ind1=" " ind2=" " tag="040"><subfield code="a">MHN</subfield><subfield code="b">eng</subfield><subfield code="c">MHN</subfield><subfield code="d">OCL</subfield><subfield code="d">OCLCQ</subfield><subfield code="d">OCLCF</subfield><subfield code="d">OCLCO</subfield></datafield><datafield ind1="1" ind2=" " tag="029"><subfield code="a">AU@</subfield><subfield code="b">000012845242</subfield></datafield><datafield ind1=" " ind2=" " tag="042"><subfield code="a">pcc</subfield></datafield><datafield ind1=" " ind2=" " tag="043"><subfield code="a">n-us-mi</subfield></datafield><datafield ind1="0" ind2="4" tag="245"><subfield code="a">The Holly herald.</subfield></datafield><datafield ind1=" " ind2=" " tag="260"><subfield code="a">Holly, Mich. :</subfield><subfield code="b">F. Joe Haas</subfield></datafield><datafield ind1=" " ind2=" " tag="300"><subfield code="a">v.</subfield></datafield><datafield ind1=" " ind2=" " tag="310"><subfield code="a">Weekly</subfield></datafield><datafield ind1="0" ind2=" " tag="362"><subfield code="a">-50th yr., no. 23 (Feb. 1, 1951).</subfield></datafield><datafield ind1=" " ind2=" " tag="500"><subfield code="a">Issue called: Centennial anniversary ed., June 30, 1938.</subfield></datafield><datafield ind1=" " ind2=" " tag="580"><subfield code="a">Issues also called: &lt;Vol. 24, no. 18 (Jan. 1, 1925)-v. 25, no. 17 (Dec. 31, 1925)&gt; ; &lt;45th yr., no. 13 (Nov. 21, 1945)&gt;-50th yr., no. 23 (Feb. 1, 1951).</subfield></datafield><datafield ind1=" " ind2=" " tag="580"><subfield code="a">Merged with: Holly advertiser, to form: Northwest Oakland County advertiser.</subfield></datafield><datafield ind1=" " ind2=" " tag="588"><subfield code="a">Description based on: Vol. 1, no. 3 (Sept. 19, 1901).</subfield></datafield><datafield ind1=" " ind2="0" tag="651"><subfield code="a">Holly (Mich.)</subfield><subfield code="v">Newspapers.</subfield></datafield><datafield ind1=" " ind2="0" tag="651"><subfield code="a">Oakland County (Mich.)</subfield><subfield code="v">Newspapers.</subfield></datafield><datafield ind1=" " ind2="7" tag="655"><subfield code="a">Newspapers.</subfield><subfield code="2">fast</subfield><subfield code="0">(OCoLC)fst01423814</subfield></datafield><datafield ind1=" " ind2="7" tag="651"><subfield code="a">Michigan</subfield><subfield code="z">Holly.</subfield><subfield code="2">fast</subfield><subfield code="0">(OCoLC)fst01262419</subfield></datafield><datafield ind1=" " ind2="7" tag="651"><subfield code="a">Michigan</subfield><subfield code="z">Oakland County.</subfield><subfield code="2">fast</subfield><subfield code="0">(OCoLC)fst01214740</subfield></datafield><datafield ind1=" " ind2=" " tag="752"><subfield code="a">United States</subfield><subfield code="b">Michigan</subfield><subfield code="c">Oakland</subfield><subfield code="d">Holly.</subfield></datafield><datafield ind1="1" ind2="7" tag="785"><subfield code="t">Holly advertiser</subfield><subfield code="w">(DLC)sn 96077033</subfield><subfield code="w">(OCoLC)35362396</subfield></datafield><datafield ind1="1" ind2="7" tag="785"><subfield code="t">Northwest Oakland County herald advertiser</subfield><subfield code="w">(DLC)sn 96077035</subfield><subfield code="w">(OCoLC)35362483</subfield></datafield></record>